<?xml version="1.0" encoding="UTF-8"?><collection xmlns="http://www.loc.gov/MARC21/slim"><record><leader>00578nam--2200193-u-4500</leader><controlfield tag="001">000056052</controlfield><controlfield tag="002">20161230</controlfield><controlfield tag="005">20161230201052</controlfield><controlfield tag="008">141204s1000------------r-----000-0-rus-d</controlfield><datafield ind1=" " ind2=" " tag="040"><subfield code="a">IFIN-HH</subfield></datafield><datafield ind1=" " ind2=" " tag="041"><subfield code="a">rus</subfield></datafield><datafield ind1=" " ind2=" " tag="080"><subfield code="a">530.12:524.8:531.51(061.3)</subfield></datafield><datafield ind1="1" ind2=" " tag="100"><subfield code="a">Fedorova, F.I</subfield></datafield><datafield ind1="1" ind2="0" tag="245"><subfield code="a">Astrofizika, kvanti i teoria otnositelinosti</subfield><subfield code="c">f.i. FEDOROVA (RED.)</subfield></datafield><datafield ind1=" " ind2=" " tag="260"><subfield code="a">Moskva</subfield><subfield code="b">Mir</subfield><subfield code="c">1982</subfield></datafield><datafield ind1=" " ind2=" " tag="300"><subfield code="a">564P</subfield></datafield><datafield ind1=" " ind2=" " tag="500"><subfield code="a">Titlul Original In Limba Italiana: Astrofizica E Cosmologia Gravitatione Quanti E Relativita</subfield></datafield><datafield ind1=" " ind2=" " tag="852"><subfield code="a">70920</subfield><subfield code="c">523</subfield></datafield><datafield ind1=" " ind2=" " tag="CAT"><subfield code="a">Sys</subfield><subfield code="c">20141204</subfield><subfield code="h">175427</subfield></datafield></record></collection>